
@article{leskovec2012learning,
  title={Learning to discover social circles in ego networks},
  author={Leskovec, Jure and Mcauley, Julian},
  journal={Advances in neural information processing systems},
  volume={25},
  year={2012}
}

@article{zachary1977information,
  title={An information flow model for conflict and fission in small groups},
  author={Zachary, Wayne W},
  journal={Journal of anthropological research},
  volume={33},
  number={4},
  pages={452--473},
  year={1977},
  publisher={University of New Mexico}
}

@article{barabasi2013network,
  title={Network science},
  author={Barab{\'a}si, Albert-L{\'a}szl{\'o}},
  journal={Philosophical Transactions of the Royal Society A: Mathematical, Physical and Engineering Sciences},
  volume={371},
  number={1987},
  pages={20120375},
  year={2013},
  publisher={The Royal Society Publishing}
}

@book{strang2022introduction,
  title={Introduction to linear algebra},
  author={Strang, Gilbert},
  year={2022},
  publisher={SIAM}
}

@book{watkins2004fundamentals,
  title={Fundamentals of matrix computations},
  author={Watkins, David S},
  year={2004},
  publisher={John Wiley \& Sons}
}

@book{zaki2014data,
  title={Data mining and analysis: fundamental concepts and algorithms},
  author={Zaki, Mohammed J and Meira, Wagner},
  year={2014},
  publisher={Cambridge University Press}
}

@book{bishop2006pattern,
  title={Pattern recognition and machine learning},
  author={Bishop, Christopher M and Nasrabadi, Nasser M},
  volume={4},
  year={2006},
  publisher={Springer}
}

@book{deisenroth2020mathematics,
  title={Mathematics for machine learning},
  author={Deisenroth, Marc Peter and Faisal, A Aldo and Ong, Cheng Soon},
  year={2020},
  publisher={Cambridge University Press}
}

@misc{dutta2022fiedler,
  title={Fiedler Vector Method},
  author={Dutta, Sagnik and Metya, Nilava and Mukherjee, Sagnik},
  year={2022},
  howpublished={\url{https://nilavam.github.io/FV/report.pdf}}
}